@article{martin2011next,
  title={Next-generation transcriptome assembly},
  author={Martin, Jeffrey A and Wang, Zhong},
  journal={Nature Reviews Genetics},
  volume={12},
  number={10},
  pages={671--682},
  year={2011},
  publisher={Nature Publishing Group}
}

@article{flicek2013ensembl,
  title={Ensembl 2014},
  author={Flicek, Paul and Amode, M Ridwan and Barrell, Daniel and Beal, Kathryn and Billis, Konstantinos and Brent, Simon and Carvalho-Silva, Denise and Clapham, Peter and Coates, Guy and Fitzgerald, Stephen and others},
  journal={Nucleic acids research},
  pages={gkt1196},
  year={2013},
  publisher={Oxford Univ Press}
}

@article{hillier2004sequence,
  title={Sequence and comparative analysis of the chicken genome provide unique perspectives on vertebrate evolution},
  author={Hillier, LaDeana W and Miller, Webb and Birney, Ewan and Warren, Wesley and Hardison, Ross C and Ponting, Chris P and Bork, Peer and Burt, David W and Groenen, Martien AM and Delany, Mary E and others},
  journal={Nature},
  volume={432},
  number={7018},
  pages={695--716},
  year={2004},
  publisher={Nature Publishing Group}
}

@article{nagalakshmi2008transcriptional,
  title={The transcriptional landscape of the yeast genome defined by RNA sequencing},
  author={Nagalakshmi, Ugrappa and Wang, Zhong and Waern, Karl and Shou, Chong and Raha, Debasish and Gerstein, Mark and Snyder, Michael},
  journal={Science},
  volume={320},
  number={5881},
  pages={1344--1349},
  year={2008},
  publisher={American Association for the Advancement of Science}
}

@article{mortazavi2008mapping,
  title={Mapping and quantifying mammalian transcriptomes by RNA-Seq},
  author={Mortazavi, Ali and Williams, Brian A and McCue, Kenneth and Schaeffer, Lorian and Wold, Barbara},
  journal={Nature methods},
  volume={5},
  number={7},
  pages={621--628},
  year={2008},
  publisher={Nature Publishing Group}
}

@article{pan2008deep,
  title={Deep surveying of alternative splicing complexity in the human transcriptome by high-throughput sequencing},
  author={Pan, Qun and Shai, Ofer and Lee, Leo J and Frey, Brendan J and Blencowe, Benjamin J},
  journal={Nature genetics},
  volume={40},
  number={12},
  pages={1413--1415},
  year={2008},
  publisher={Nature Publishing Group}
}

@article{Simpson:2009iv,
author = {Simpson, Jared T and Wong, Kim and Jackman, Shaun D and Schein, Jacqueline E and Jones, Steven J M and Birol, Inanc},
title = {{ABySS: a parallel assembler for short read sequence data.}},
journal = {Genome research},
year = {2009},
volume = {19},
number = {6},
pages = {1117--1123},
month = jun
}

@article{li2009sequence,
  title={The sequence alignment/map format and SAMtools},
  author={Li, Heng and Handsaker, Bob and Wysoker, Alec and Fennell, Tim and Ruan, Jue and Homer, Nils and Marth, Gabor and Abecasis, Goncalo and Durbin, Richard and others},
  journal={Bioinformatics},
  volume={25},
  number={16},
  pages={2078--2079},
  year={2009},
  publisher={Oxford Univ Press}
}

@article{Grabherr:2011jb,
author = {Grabherr, Manfred G and Haas, Brian J and Yassour, Moran and Levin, Joshua Z and Thompson, Dawn A and Amit, Ido and Adiconis, Xian and Fan, Lin and Raychowdhury, Raktima and Zeng, Qiandong and Chen, Zehua and Mauceli, Evan and Hacohen, Nir and Gnirke, Andreas and Rhind, Nicholas and di Palma, Federica and Birren, Bruce W and Nusbaum, Chad and Lindblad-Toh, Kerstin and Friedman, Nir and Regev, Aviv},
title = {{Full-length transcriptome assembly from RNA-Seq data without a reference genome.}},
journal = {Nature biotechnology},
year = {2011},
volume = {29},
number = {7},
pages = {644--652},
month = jul
}

@article{Tatusova:1999tz,
  title={BLAST 2 Sequences, a new tool for comparing protein and nucleotide sequences},
  author={Tatusova, Tatiana A and Madden, Thomas L},
  journal={FEMS microbiology letters},
  volume={174},
  number={2},
  pages={247--250},
  year={1999},
  publisher={Wiley Online Library}
}

@article{Li:2006hr,
author = {Li, Weizhong and Godzik, Adam},
title = {{Cd-hit: a fast program for clustering and comparing large sets of protein or nucleotide sequences.}},
journal = {Bioinformatics (Oxford, England)},
year = {2006},
volume = {22},
number = {13},
pages = {1658--1659},
month = jul
}

@article{Zerbino:2009jp,
author = {Zerbino, Daniel R and McEwen, Gayle K and Margulies, Elliott H and Birney, Ewan},
title = {{Pebble and rock band: heuristic resolution of repeats and scaffolding in the velvet short-read de novo assembler}},
journal = {PloS one},
year = {2009},
volume = {4},
number = {12},
pages = {e8407},
month = jan
}

@article{Guttman:2010io,
author = {Guttman, Mitchell and Garber, Manuel and Levin, Joshua Z and Donaghey, Julie and Robinson, James and Adiconis, Xian and Fan, Lin and Koziol, Magdalena J and Gnirke, Andreas and Nusbaum, Chad and Rinn, John L and Lander, Eric S and Regev, Aviv},
title = {{Ab initio reconstruction of cell type--specific transcriptomes in mouse reveals the conserved multi-exonic structure of lincRNAs}},
journal = {Nature biotechnology},
year = {2010},
volume = {28},
number = {5},
pages = {503--510},
month = may
}

@article{Wang:2008ea,
author = {Wang, Eric T and Sandberg, Rickard and Luo, Shujun and Khrebtukova, Irina and Zhang, Lu and Mayr, Christine and Kingsmore, Stephen F and Schroth, Gary P and Burge, Christopher B},
title = {{Alternative isoform regulation in human tissue transcriptomes}},
journal = {Nature},
year = {2008},
volume = {456},
number = {7221},
pages = {470--476},
month = nov
}

@article{Trapnell:2009dp,
author = {Trapnell, C and Pachter, L and Salzberg, S L},
title = {{TopHat: discovering splice junctions with RNA-Seq}},
journal = {Bioinformatics (Oxford, England)},
year = {2009},
volume = {25},
number = {9},
pages = {1105--1111},
month = apr
}

@article{Robertson:2010ih,
author = {Robertson, Gordon and Schein, Jacqueline and Chiu, Readman and Corbett, Richard and Field, Matthew and Jackman, Shaun D and Mungall, Karen and Lee, Sam and Okada, Hisanaga Mark and Qian, Jenny Q and Griffith, Malachi and Raymond, Anthony and Thiessen, Nina and Cezard, Timothee and Butterfield, Yaron S and Newsome, Richard and Chan, Simon K and She, Rong and Varhol, Richard and Kamoh, Baljit and Prabhu, Anna-Liisa and Tam, Angela and Zhao, YongJun and Moore, Richard A and Hirst, Martin and Marra, Marco A and Jones, Steven J M and Hoodless, Pamela A and Birol, Inanc},
title = {{De novo assembly and analysis of RNA-seq data}},
journal = {Nature methods},
year = {2010},
volume = {7},
number = {11},
pages = {909--912},
month = oct
}

@article{Iseli:1999vd,
author = {Iseli, C and Jongeneel, CV and Bucher, P},
title = {{ESTScan: a program for detecting, evaluating, and reconstructing potential coding regions in EST sequences}},
journal = {Proc Int Conf Intell Syst Mol Biol},
year = {1999}
}

@article{Trapnell:2010kd,
author = {Trapnell, Cole and Williams, Brian A and Pertea, Geo and Mortazavi, Ali and Kwan, Gordon and van Baren, Marijke J and Salzberg, Steven L and Wold, Barbara J and Pachter, Lior},
title = {{Transcript assembly and quantification by RNA-Seq reveals unannotated transcripts and isoform switching during cell differentiation.}},
journal = {Nature biotechnology},
year = {2010},
volume = {28},
number = {5},
pages = {511--515},
month = may
}

@article{Pickrell:2010gt,
author = {Pickrell, Joseph K and Pai, Athma A and Gilad, Yoav and Pritchard, Jonathan K},
title = {{Noisy splicing drives mRNA isoform diversity in human cells.}},
journal = {PLoS Genet},
year = {2010},
volume = {6},
number = {12},
pages = {e1001236}
}

@article{Wang:2011jq,
author = {Wang, Likun and Wang, Xiaowo and Wang, Xi and Liang, Yanchun and Zhang, Xuegong},
title = {{Observations on novel splice junctions from RNA sequencing data.}},
journal = {Biochemical and biophysical research communications},
year = {2011},
volume = {409},
number = {2},
pages = {299--303},
month = jun
}

@article{Kent:2002tv,
  title={BLATâ€”the BLAST-like alignment tool},
  author={Kent, W James},
  journal={Genome research},
  volume={12},
  number={4},
  pages={656--664},
  year={2002},
  publisher={Cold Spring Harbor Lab}
}

@article{Langmead:2009fv,
author = {Langmead, Ben and Trapnell, Cole and Pop, Mihai and Salzberg, Steven L},
title = {{Ultrafast and memory-efficient alignment of short DNA sequences to the human genome.}},
journal = {Genome Biology},
year = {2009},
volume = {10},
number = {3},
pages = {R25}
}

@article{Zerbino:2008vu,
author = {Zerbino, DR},
title = {{Velvet: Algorithms for de novo short read assembly using de Bruijn graphs}},
journal = {Genome research},
year = {2008}
}

@article{Schulz:2012je,
author = {Schulz, Marcel H and Zerbino, Daniel R and Vingron, Martin and Birney, Ewan},
title = {{Oases: Robust de novo RNA-seq assembly across the dynamic range of expression levels.}},
journal = {Bioinformatics (Oxford, England)},
year = {2012},
month = feb
}

@article{zhang2013isoform,
  title={Isoform level expression profiles provide better cancer signatures than gene level expression profiles},
  author={Zhang, ZhongFa and Pal, Sharmistha and Bi, Yingtao and Tchou, Julia and Davuluri, Ramana V},
  journal={Genome medicine},
  volume={5},
  number={4},
  pages={33},
  year={2013},
  publisher={BioMed Central Ltd}
}

@ONLINE{pysam,
    title = {Pysam: a Python module for manipulating Samfiles.},
    url = {http://github.com/pysam-developers/pysam}
}
@ONLINE{seqclean,
    title = {SeqClean: a script for automated trimming and validation of ESTs or
    other DNA sequences by screening for various contaminants, low quality and
        low complexity sequences},
    url = {http://compbio.dfci.harvard.edu/tgi/software/}
}
